@online{fowler_2019,
  title     = {Micro frontends},
  url       = {https://martinfowler.com/articles/micro-frontends.html},
  journal   = {martinfowler.com},
  publisher = {Martin Fowler},
  author    = {Fowler, Martin},
  year      = {2019},
  month     = {6}
} 

 @online{tsh_2022,
  title     = {The State of Frontend 2022},
  url       = {https://tsh.io/state-of-frontend/?fbclid=IwAR1NoxwAAX5qTprLKiJm4k-LBFWaQny3j3F7XIGTgWZRBpyYjQDb7bnq5DQ#report},
  journal   = {The Software House},
  publisher = {The Software House},
  year      = {2022},
  month     = {5}
} 

@book{geers_2020,
  address   = {Shelter Island, Nowy Jork},
  title     = {Micro frontends in action},
  publisher = {Manning Publications Co.},
  author    = {Geers, Michael},
  year      = {2020},
  isbn      = {9781617296871}
} 

@online{geers_2017,
  title     = {Micro frontends},
  url       = {https://micro-frontends.org/},
  journal   = {Micro Frontends},
  publisher = {neuland - Büro für Informatik},
  author    = {Geers, Michael},
  year      = {2017},
  month     = {8}
} 

@online{olafsulich_2022,
  title     = {Fundamenty Architektury Mikrofrontendowej},
  url       = {https://frontlive.pl/blog/fundamenty-architektury-mikrofrontendowej},
  journal   = {Frontlive.pl},
  publisher = {Olaf Sulich},
  author    = {Olaf Sulich},
  year      = {2022},
  month     = {10}
} 

@book{mezzalira2021building,
  title     = {Building Micro-Frontends},
  author    = {Mezzalira, L.},
  isbn      = {9781492082941},
  url       = {https://books.google.pl/books?id=MjpPEAAAQBAJ},
  year      = {2021},
  publisher = {O'Reilly Media}
}

@article{Yang_2019,
  doi       = {10.1088/1757-899x/490/6/062082},
  url       = {https://doi.org/10.1088/1757-899x/490/6/062082},
  year      = {2019},
  month     = {apr},
  publisher = {{IOP} Publishing},
  volume    = {490},
  pages     = {062082},
  author    = {Caifang Yang and Chuanchang Liu and Zhiyuan Su},
  title     = {Research and Application of Micro Frontends},
  journal   = {{IOP} Conference Series: Materials Science and Engineering}
}

@article{pavlenko2020micro,
  title   = {Micro-frontends: application of microservices to web front-ends.},
  author  = {Pavlenko, Andrey and Askarbekuly, Nursultan and Megha, Swati and Mazzara, Manuel},
  journal = {J. Internet Serv. Inf. Secur.},
  volume  = {10},
  number  = {2},
  pages   = {49--66},
  year    = {2020}
}

@online{singlespa,
  title   = {Single SPA},
  url     = {https://single-spa.js.org/},
  journal = {singlespa RSS}
} 

@online{singlespa-parcels,
  title   = {Single SPA Parcels},
  url     = {https://single-spa.js.org/docs/parcels-overview},
  journal = {singlespa RSS}
} 

@online{module-federeation,
  title   = {Module Federation},
  url     = {https://webpack.js.org/concepts/module-federation/}
} 

@online{mezzalira_2019_1,
  title     = {Adopting a micro-frontends architecture},
  url       = {https://medium.com/dazn-tech/adopting-a-micro-frontends-architecture-e283e6a3c4f3},
  journal   = {Medium},
  publisher = {DAZN Engineering},
  author    = {Mezzalira, Luca},
  year      = {2019},
  month     = {4}
} 

@online{mezzalira_2019_2,
  title     = {Micro-frontends, the future of Frontend Architectures},
  url       = {https://medium.com/dazn-tech/micro-frontends-the-future-of-frontend-architectures-5867ceded39a},
  journal   = {Medium},
  publisher = {DAZN Engineering},
  author    = {Mezzalira, Luca},
  year      = {2019},
  month     = {4}
} 

 @misc{fowler,
  title     = {Microservices}, 
  url       = {https://martinfowler.com/articles/microservices.html},
  journal   = {martinfowler.com}, 
  author    = {Fowler, Martin}
} 

@online{ovh,
  title     = {Witryna dostawcy usług WWW, OVHcloud}, 
  url       = {https://www.ovhcloud.com/pl/web-hosting/},
  note      = {Dostęp: 18.12.2022}
}

@online{az,
  title     = {Witryna dostawcy usług WWW, AZ}, 
  url       = {https://az.pl/hosting/},
  note      = {Dostęp: 18.12.2022}
} 

@misc{microservices_deploy,
  title     = {SemaphoreCI}, 
  author    = {Fernandez, Tomas and Ackerson, Dan},
  url       = {https://semaphoreci.com/blog/deploy-microservices},
  note      = {Dostęp: 18.12.2022}
}

@online{kubernetes,
  title     = {Kubernetes}, 
  url       = {https://kubernetes.io/pl/},
  note      = {Dostęp: 18.12.2022}
} 

 @misc{conway, 
  title     = {How do comitees invent?},
  url       = {http://melconway.com/Home/pdf/committees.pdf},
  author    = {Conway, Melvin E.},
  note      = {Dostęp: 19.12.2022}
} 


@online{aks_calc,
  title     = {Kalkulator cen usługi Azure Kubernetes Service}, 
  url       = {https://azure.microsoft.com/en-us/pricing/calculator/?service=kubernetes-service},
  note      = {Dostęp: 19.12.2022}
} 